<?xml version="1.0" encoding="UTF-8"?><collection xmlns="http://www.loc.gov/MARC21/slim"><record><leader>00649nam--2200181-i-4500</leader><controlfield tag="001">000022240</controlfield><controlfield tag="002">20161230</controlfield><controlfield tag="005">20161230201034</controlfield><controlfield tag="008">060222s1000------------r-----000-0-eng-d</controlfield><datafield ind1=" " ind2=" " tag="040"><subfield code="a">IFIN-HH</subfield></datafield><datafield ind1=" " ind2=" " tag="080"><subfield code="a">621.039.553</subfield></datafield><datafield ind1="1" ind2=" " tag="100"><subfield code="a">Pellini, W.A</subfield></datafield><datafield ind1="1" ind2="0" tag="245"><subfield code="a">Analysis of engineering and basic research aspects of neutron embrittlement of steels</subfield><subfield code="b">Symposium on radiation damage in solids and reactor materials venice, italy may 7-11, 1962</subfield><subfield code="c">W.a. pellini, l.e. steele, j.r. hawthorne</subfield></datafield><datafield ind1=" " ind2=" " tag="260"><subfield code="a">Washington</subfield><subfield code="b">U.S. Atomic Enrgy Commission</subfield><subfield code="c">1962</subfield></datafield><datafield ind1=" " ind2=" " tag="300"><subfield code="a">36 P</subfield></datafield><datafield ind1="1" ind2=" " tag="700"><subfield code="a">Hawthorne, J.R</subfield></datafield><datafield ind1=" " ind2=" " tag="852"><subfield code="a">1423</subfield><subfield code="c">539.21</subfield></datafield><datafield ind1=" " ind2=" " tag="CAT"><subfield code="a">Sys</subfield><subfield code="c">20121204</subfield><subfield code="h">174046</subfield></datafield></record></collection>